<record><leader>00000cas a2200000 a 4500</leader><controlfield tag="001">26606288</controlfield><controlfield tag="008">920915d18951uuuilucr ne      0   a0eng c</controlfield><datafield ind1=" " ind2=" " tag="010"><subfield code="a">sn 92064200 </subfield></datafield><datafield ind1=" " ind2=" " tag="040"><subfield code="a">RHN</subfield><subfield code="b">eng</subfield><subfield code="c">RHN</subfield><subfield code="d">NVF</subfield><subfield code="d">OCLCQ</subfield><subfield code="d">OCLCF</subfield><subfield code="d">NVF</subfield><subfield code="d">OCLCO</subfield></datafield><datafield ind1="1" ind2=" " tag="029"><subfield code="a">AU@</subfield><subfield code="b">000020749494</subfield></datafield><datafield ind1=" " ind2=" " tag="042"><subfield code="a">pcc</subfield></datafield><datafield ind1=" " ind2=" " tag="043"><subfield code="a">n-us-il</subfield></datafield><datafield ind1="0" ind2=" " tag="130"><subfield code="a">Morning call (Normal, Ill. : Semiweekly)</subfield></datafield><datafield ind1="1" ind2="4" tag="245"><subfield code="a">The morning call.</subfield></datafield><datafield ind1=" " ind2=" " tag="260"><subfield code="a">Normal, Ill. :</subfield><subfield code="b">Paul &amp; Gale Smith</subfield></datafield><datafield ind1=" " ind2=" " tag="300"><subfield code="a">v.</subfield></datafield><datafield ind1=" " ind2=" " tag="310"><subfield code="a">Semiweekly,</subfield><subfield code="b">Feb. 17, 1897-&lt;Dec. 24, 1898&gt;</subfield></datafield><datafield ind1=" " ind2=" " tag="321"><subfield code="a">Semiweekly,</subfield><subfield code="b">&lt;July 16&gt;-Nov. 21, 1895</subfield></datafield><datafield ind1=" " ind2=" " tag="321"><subfield code="a">Triweekly,</subfield><subfield code="b">Nov. 26, 1895-Feb. 13, 1897</subfield></datafield><datafield ind1="1" ind2=" " tag="362"><subfield code="a">Began in 1895.</subfield></datafield><datafield ind1=" " ind2=" " tag="515"><subfield code="a">Issues for &lt;Aug. 20, 1895&gt;-July 7, 1897 called &lt;no. 19&gt;-whole no. 291.</subfield></datafield><datafield ind1=" " ind2=" " tag="515"><subfield code="a">Issues for Feb. 17, 1897-&lt;Dec. 24, 1898&gt; called v. 2, no. 91-&lt;v. 4, no. 44&gt;.</subfield></datafield><datafield ind1=" " ind2=" " tag="580"><subfield code="a">Weekly ed.: Morning call (Normal, Ill. : Weekly), 1895.</subfield></datafield><datafield ind1=" " ind2=" " tag="588"><subfield code="a">Description based on: July 16, 1895.</subfield></datafield><datafield ind1=" " ind2=" " tag="588"><subfield code="a">Latest issue consulted: Feb. 11, 1899.</subfield></datafield><datafield ind1=" " ind2="0" tag="651"><subfield code="a">Normal (Ill.)</subfield><subfield code="v">Newspapers.</subfield></datafield><datafield ind1=" " ind2="7" tag="651"><subfield code="a">Illinois</subfield><subfield code="z">Normal.</subfield><subfield code="2">fast</subfield><subfield code="0">(OCoLC)fst01208903</subfield></datafield><datafield ind1=" " ind2="7" tag="655"><subfield code="a">Newspapers.</subfield><subfield code="2">fast</subfield><subfield code="0">(OCoLC)fst01423814</subfield></datafield><datafield ind1=" " ind2=" " tag="752"><subfield code="a">United States</subfield><subfield code="b">Illinois</subfield><subfield code="c">McLean</subfield><subfield code="d">Normal.</subfield></datafield><datafield ind1="1" ind2=" " tag="775"><subfield code="t">Morning call (Normal, Ill. : Weekly)</subfield><subfield code="w">(DLC)sn 99064067</subfield><subfield code="w">(OCoLC)42584345</subfield></datafield><datafield ind1="0" ind2="5" tag="780"><subfield code="t">Morning call (Normal, Ill. : Weekly)</subfield><subfield code="w">(DLC)sn 99064067</subfield><subfield code="w">(OCoLC)42584345</subfield></datafield></record>